
%
%  $Description: Sample bibliography$ 
% 
%  $Author: ienne $ 
%  $Date: 1995/09/15 15:19:53 $
%  $Revision: 1.3 $
%

@Article{ex1,
   author = "Chang et all",
   title =  "Bigtable: a distributed storage system for structured data", 
   journal = "Proceedings of the 7th Conference on USENIX Symposium on Operating Systems Design and Implementation",
   publisher = "USENIX Association, Berkeley, CA",
	 address = "Seattle, WA",
   month = "November",
   number = "06 - 08",
   year =   "2006",
   volume =   "7",
   pages =   "1-15"
}

@Article{ex2,
   author = "Decandia et all",
   title =  "Dynamo: Amazonâ€™s highly available key-value store", 
   journal = "Proceedings of twenty-first ACM SIGOPS symposium on Operating systems principles",
   publisher = "ACM Press New York, NY, USA",
   year =   "2007",
   pages =   "205-220"
}
